% Encoding: UTF-8
@book{Knuth1998,
 author = {Knuth, Donald E.},
 title = {The art of computer programming,  volume 3: (2nd ed.) sorting and searching},
 year = {1998},
 publisher = {Addison Wesley Longman Publishing Co., Inc.},
 address = {Redwood City, CA, USA}
}

@book{Pollefliet2011,
  author = {Pollefliet, Leen},
  title = {Schrijven van verslag tot eindwerk: do's en don'ts},
  year = {2011},
  publisher = {Academia Press},
  address = {Gent}
}

@article{Creeger2009,
  author = {Creeger, Mache},
  journal = {Communications of the ACM},
  number = {8},
  pages = {50--56},
  title = {{CTO Roundtable: Cloud Computing}},
  volume = {52},
  year = {2009}
}

@misc{WHO2021,
  author       = {{World Health Organization}},
  title        = {Digital health},
  year         = {2021},
  url          = {https://www.who.int/health-topics/digital-health},
  note         = {Geraadpleegd op 30 mei 2025},
}

@article{Fritz2015,
  author  = {Fritz, T. and Huang, E. M. and Murphy, G. C. and Zimmermann, T.},
  title   = {Persuasive technology in the real world: A study of long-term use of activity sensing devices for fitness},
  journal = {Proceedings of the 33rd Annual ACM Conference on Human Factors in Computing Systems (CHI '15)},
  year    = {2015},
  pages   = {487--496},
  doi     = {10.1145/2702123.2702179},
}

@book{Lupton2014,
  author    = {Lupton, D.},
  title     = {The Quantified Self: A Sociology of Self-Tracking},
  year      = {2014},
  publisher = {Polity Press},
  address   = {Cambridge},
}

@article{Sundstrom2016,
  author  = {Sundstrom, B. and Ekblom, M. and Pousette, A.},
  title   = {Women's experiences using a mobile phone app for the management of menstrual pain: A qualitative study},
  journal = {BMC Women's Health},
  volume  = {16},
  number  = {1},
  pages   = {48},
  year    = {2016},
  doi     = {10.1186/s12905-016-0313-3},
}

@article{Stone2002,
  author  = {Stone, A. A. and Shiffman, S.},
  title   = {Capturing momentary, self-report data: A proposal for reporting guidelines},
  journal = {Annals of Behavioral Medicine},
  volume  = {24},
  number  = {3},
  pages   = {236--243},
  year    = {2002},
  doi     = {10.1207/S15324796ABM2403_09},
}

@misc{FlutterDocs2023,
  author       = {{Flutter Documentation}},
  title        = {Flutter - Build apps for any screen},
  year         = {2023},
  url          = {https://flutter.dev/},
  note         = {Geraadpleegd op 30 mei 2025},
}

@misc{GoogleFlutter,
  author       = {Google},
  title        = {Flutter: Build apps for any screen},
  howpublished = {\url{https://flutter.dev}},
  year         = {2025},
  note         = {Bezocht op 30 mei 2025}
}

@article{Byambasuren2018,
  author  = {Byambasuren, O. and Beller, E. and Glasziou, P.},
  title   = {Current knowledge and adoption of mHealth apps among clinicians and patients: A systematic review},
  journal = {JMIR Mhealth Uhealth},
  volume  = {6},
  number  = {1},
  pages   = {e13},
  year    = {2018},
  doi     = {10.2196/mhealth.9066},
}

@article{Ventola2014,
  author  = {Ventola, C. L.},
  title   = {Mobile devices and apps for health care professionals: Uses and benefits},
  journal = {Pharmacy and Therapeutics},
  volume  = {39},
  number  = {5},
  pages   = {356--364},
  year    = {2014},
}


@Comment{jabref-meta: databaseType:biblatex;}
